@book{丁鹭飞2009雷达原理,
  title={雷达原理-第4版},
  author={丁鹭飞 and 耿富录 and 陈建春},
  publisher={电子工业出版社},
  year={2009},
}
